@string{ aer                = "American Economic Review"}
@string{ c-r = "Carnegie-Rochester Conference Series on Public Policy"}
@string{ jedc              = "Journal of Economic Dynamics and Control"}
@string{ jmcb              = "Journal of Money Credit and Banking"}
@string{ jme               = "Journal of Monetary Economics"}
@string{ qje               = "Quarterly Journal of Economics"}
@string{ feds               = "Federal Reserve Board, Finance and Economics Discussion Series"}
@string{ restat            = "Review of Economics and Statistics"}
@string{anderPapersURL="{http://www.bog.frb.fed.us/pubs/oss/oss4/aimindex.html}"}


@Unpublished{andrew98,
  author = 		 {Andrew Levin and John Williams and Volker Wieland},
  title = 		 {Are Simple Rules Robust under Model Uncertainty?},
  note = 		 {Seminar Paper},
  year =		 1998,
  month =		 {January}
}
@TechReport{bomfim96,
  author = 		 {Bomfim, Antulio},
  title = 		 {Forecasting the Forecasts of Others: Expectational Heterogeneity and Aggregate Dynamics},
  institution =  feds,
  year = 		 1996,
  number =		 {1996-41},
}
@TechReport{bomfim97,
  author = 		 { Antulio Bomfim and  Robert Tetlow and  Peter von zur Muehlen and John Williams},
  title = 		 "Expectations, Learning and the Costs of Disinflation: experiments using the FRB/US model",
  institution =  feds,
  year = 		 1997,
  number =		 {1997-42},
  month =		 {AUG}
}
@article{cr96,
	author = "Jeffrey C. Fuhrer",
	year = "1997",
	title = "{Towards a Compact, Empirically-Verified Rational
	Expectations Model for Monetary Policy Analysis}",
 	journal = c-r,
	pages = "forthcoming"}
@article{fwlb,
	author = "Jeffrey C. Fuhrer",
	year = "1997",
	title = "{The (Un)Importance of Forward-Looking Behavior in Price
	Specifications}",
	journal = jmcb,
	volume = "29, No. 3",
	month = aug,
	pages = "338--350"}
@article{gmmml,
	author = "Fuhrer, Jeffrey C. and Moore, George and Scott Schuh",
	year = "1995",
	title = "{A Comparison of GMM and Maximum-Likelihood Estimates of
	Quadratic Cost Inventory Models}",
	journal = jme,
	volume = "35",
	month = feb,
	pages = "115--157"}
@article{learn,
	author = "Fuhrer, Jeffrey C. and Mark W. Hooker",
	year = "1993",
	title = "{Learning About Monetary Regime Shifts in an Overlapping Wage
	Contract Economy}",
	journal = jedc,
	volume = "17",
	pages = "531--553"}
@article{longrate,
	author = "Jeffrey C. Fuhrer",
	year = "1996",
	title = "{Monetary Policy Shifts and Long-term Interest Rates}",
	journal = qje,
	volume = "111",
	month = nov,
	pages = "1183--1209"}
@article{optpol,
	author = "Jeffrey C. Fuhrer",
	year = "1997",
	title = "{Inflation/Output Variance Trade-offs and Optimal Monetary
	Policy}",
	journal = jmcb,
	volume = "29, No. 2",
	month = may,
	pages = "214--234"}
@incollection{optsac,
	author = "Jeffrey C. Fuhrer",
	year = 1994,
	title = "{Optimal Monetary Policy and the Sacrifice Ratio}",
	booktitle = "`Goals, Guidelines, and Constraints Facing Monetary
Policymakers'",
	editor = "Jeffrey C. Fuhrer",
	publisher = "Federal Reserve Bank of Boston Conference Series
		  No. 38",
	pages = "43--69"}

@TechReport{orphanides97,
  author = 		 {Athanasios Orphanides and David Small and  David Wilcox  and Volker Wieland},
  title = 		 {A Quantitative Exploration of the Opportunistic Approach to Disinflation},
  institution =  feds,
  year = 		 1997,
  number =		 {97-36},
  month =		 {May}
}

@Unpublished{orphanides98a,
  author = 		 { Athanasios Orphanides and Volker Wieland},
  title = 		 {Price Stability and Monetary Policy Effectiveness when Nominal Interest Rates are Bounded at Zero},
  note = 		 {Working Paper},
  year =		 1998,
  month =		 {January}
}



@article{persist,
	author = "Fuhrer, Jeffrey C. and George R. Moore",
	title = "{Inflation Persistence}",
	year = "1995a",
	journal = qje,
	volume = "110",
	month = feb,
	pages = "127--159"}


@article{realrate,
	author = "Fuhrer, Jeffrey C. and George R. Moore",
	title = "{Monetary Policy Trade-Offs and the Correlation
		  Between Nominal Interest Rates and Real Output}",
	year = "1995b",
	journal = aer,
	volume = "85",
	month = mar,
	pages = "219--239"}



@article{stab,
	author = "Fuhrer, Jeffrey C. and George R. Moore",
	year = "1995",
	title = "{Forward-Looking Behavior and the Stability of a
		  Conventional Monetary Policy Rule}",
	journal = jmcb,
	volume = "27, No. 4",
	month = nov,
	pages = "1060--70"}









@Article{tetlow01,
  author = 		 {Robert Tetlow and Peter von zur Muehlen },
  title = 		 {Simplicity versus Optimality: the choice of monetary policy rules when agents must learn},
  journal = 	 jedc,
  year = 		 2001,
  volume =		 25,
  number =		 {1-2},
  pages =		 {245-279},
  month =		 {JAN}
}

@Unpublished{tetlow98,
  author = 		 {Robert Tetlow and John C. Williams},
  title = 		 "Implementing Price Stability: Bands, Boundaries and Inflation Targets",
  note = 		 {manuscript presented to the Federal Reserve Bank of San Francisco/CEPR conference on Central Bank Inflation Targeting, March 6 and 7, 1998, Stanford University},
  year =		 1998
}

 
@article{zerobnd,
	author = "Fuhrer, Jeffrey C. and Brian Madigan",
	year = "1997",
	title = "{Monetary Policy When Interest Rates are Bounded at Zero}",
	journal = restat,
	volume = "79, No. 4",
	month = nov,
	pages = "573--585"}

